@TechReport{scala-overview,
  author =       {Martin Odersky and al.},
  title =        {An Overview of the Scala Programming Language},
  institution =  {EPFL Lausanne, Switzerland},
  year =         2004,
  number =       {IC/2004/64}
}

@TechReport{scala-collections,
  author =       {Martin Odersky},
  title =        {Scala 2.8 Collections},
  institution =  {EPFL Lausanne, Switzerland},
  year =         2009,
}

@TechReport{scala-parallel,
  author =       {Aleksandar Prokopec{\,} Tiark Rompf{\,} Phil Bagwell{\,} Martin Odersky},
  title =        {A Generic Parallel Collection Framework},
  institution =  {EPFL Lausanne, Switzerland},
  year =         2010,
}

@misc{martin-view-prototype,
  author = {Martin Odersky},
  title = {scalax: Parallel views},
  howpublished = "\url{https://github.com/odersky/scalax}",
  year = 2013,
  note = "[Online; last commit 6f74549e]"
}

@article{scala-implicits,
 author = {Oliveira, Bruno C.d.S. and Moors, Adriaan and Odersky, Martin},
 title = {Type Classes As Objects and Implicits},
 journal = {SIGPLAN Not.},
 issue_date = {October 2010},
 volume = {45},
 number = {10},
 month = oct,
 year = {2010},
 issn = {0362-1340},
 pages = {341--360},
 numpages = {20},
 url = {http://doi.acm.org/10.1145/1932682.1869489},
 doi = {10.1145/1932682.1869489},
 acmid = {1869489},
 publisher = {ACM},
 address = {New York, NY, USA},
 keywords = {abstract datatypes, c++ concepts, scala, type classes},
}

@misc{hickey-reducers,
  author = {Rich Hickey},
  title = {Reducers: Library and Model for Collection Processing},
  howpublished = "\url{http://clojure.com/blog/2012/05/08/reducers-a-library-and-model-for-collection-processing.html}",
  year = 2012,
  note = "[Online; 2014-06-04]"
}

@misc{scala-bitrot,
  title={Fighting bit rot with types},
  author={Odersky, Martin and Moors, Adriaan},
  booktitle={IARCS Annual Conference on Foundations of Software Technology and Theoretical Computer Science},
  volume={4},
  pages={427--451},
  year={2009}
}

@misc{scala-macros,
  title={Scala macros: let our powers combine!: on how rich syntax and static types work with metaprogramming},
  author={Burmako, Eugene},
  booktitle={Proceedings of the 4th Workshop on Scala},
  pages={3},
  year={2013},
  organization={ACM}
}
